<?xml version="1.0" encoding="UTF-8"?><record xmlns="http://www.loc.gov/MARC21/slim" xmlns:cinclude="http://apache.org/cocoon/include/1.0" xmlns:zs="http://www.loc.gov/zing/srw/">
  <leader>01424cz  a2200277n  4500</leader>
  <controlfield tag="001">nr 00011914 </controlfield>
  <controlfield tag="003">DLC</controlfield>
  <controlfield tag="005">20150708073808.0</controlfield>
  <controlfield tag="008">000406n| azannaabn          |n aaa     c</controlfield>
  <datafield tag="010" ind1=" " ind2=" ">
    <subfield code="a">nr 00011914 </subfield>
  </datafield>
  <datafield tag="035" ind1=" " ind2=" ">
    <subfield code="a">(OCoLC)oca05194504</subfield>
  </datafield>
  <datafield tag="040" ind1=" " ind2=" ">
    <subfield code="a">PU</subfield>
    <subfield code="b">eng</subfield>
    <subfield code="e">rda</subfield>
    <subfield code="c">PU</subfield>
    <subfield code="d">PPi-MA</subfield>
    <subfield code="d">OCl</subfield>
    <subfield code="d">OkU</subfield>
    <subfield code="d">ScU</subfield>
  </datafield>
  <datafield tag="046" ind1=" " ind2=" ">
    <subfield code="f">19230215</subfield>
    <subfield code="g">20021013</subfield>
  </datafield>
  <datafield tag="100" ind1="1" ind2=" ">
    <subfield code="a">Curtis, Keene,</subfield>
    <subfield code="d">1923-2002</subfield>
  </datafield>
  <datafield tag="370" ind1=" " ind2=" ">
    <subfield code="a">Salt Lake City (Utah)</subfield>
    <subfield code="b">Bountiful (Utah)</subfield>
    <subfield code="2">naf</subfield>
  </datafield>
  <datafield tag="372" ind1=" " ind2=" ">
    <subfield code="a">Acting</subfield>
    <subfield code="2">lcsh</subfield>
  </datafield>
  <datafield tag="374" ind1=" " ind2=" ">
    <subfield code="a">Actors</subfield>
    <subfield code="2">lcsh</subfield>
  </datafield>
  <datafield tag="375" ind1=" " ind2=" ">
    <subfield code="a">male</subfield>
  </datafield>
  <datafield tag="377" ind1=" " ind2=" ">
    <subfield code="a">eng</subfield>
  </datafield>
  <datafield tag="670" ind1=" " ind2=" ">
    <subfield code="a">Mother Teresa [VR] c1997:</subfield>
    <subfield code="b">cast (Keene Curtis)</subfield>
  </datafield>
  <datafield tag="670" ind1=" " ind2=" ">
    <subfield code="a">Internet movie database, Apr. 6, 2000</subfield>
    <subfield code="b">(Keene Curtis; actor; guest appearances on TV; b. Feb. 15, 1925, Salt Lake City, Utah)</subfield>
  </datafield>
  <datafield tag="670" ind1=" " ind2=" ">
    <subfield code="a">Perf. arts biog. master index</subfield>
    <subfield code="b">(Curtis, Keene, 1923- )</subfield>
  </datafield>
  <datafield tag="670" ind1=" " ind2=" ">
    <subfield code="a">Contemp. theatre, film, and television:</subfield>
    <subfield code="b">v. 19 (Curtis, Keene; b. Feb. 15, 1923, Salt Lake City, UT; actor)</subfield>
  </datafield>
  <datafield tag="670" ind1=" " ind2=" ">
    <subfield code="a">New York times, Oct. 18, 2002:</subfield>
    <subfield code="b">obituaries (Keene Curtis; Tony-winning actor who played Daddy Warbucks in Annie; b. 1923 in Salt Lake City; d. Oct. 13, 2002 in Bountiful, Utah at age 79)</subfield>
  </datafield>
  <datafield tag="670" ind1=" " ind2=" ">
    <subfield code="a">Social security index onine, Apr. 17, 2007:</subfield>
    <subfield code="b">(b. Feb. 15, 1923, d. Oct. 14, 2002)</subfield>
  </datafield>
  <datafield tag="670" ind1=" " ind2=" ">
    <subfield code="a">Internet Movie Database WWW site, Aug. 1, 2013:</subfield>
    <subfield code="b">(Keene Curtis, actor ; b. Keene Holbrook Curtis, February 15, 1923 in Salt Lake City, Utah, USA ; d. October 13, 2002 (age 79) in Bountiful, Utah, USA)</subfield>
  </datafield>
</record>